@online{ablegamers2024,
  author       = {{AbleGamers Foundation}},
  title        = {How the Gaming Industry Is Adapting to the Needs of Gamers With Disabilities},
  year         = {2024},
  url          = {https://ablegamers.org/how-the-gaming-industry-is-adapting/},
  note         = {Accessed 18 Jun 2025}
}

@article{baig2020,
  author       = {Baig, Muhammad Zeeshan and Kavakli, Manolya},
  title        = {Multimodal Systems: Taxonomy, Methods, and Challenges},
  journal      = {arXiv preprint arXiv:2006.03813},
  year         = {2020},
  doi          = {10.48550/arXiv.2006.03813}
}

@article{taheri2021,
  author       = {Taheri, Atieh and Weissman, Ziv and Sra, Misha},
  title        = {Design and Evaluation of a Hands-Free Video Game Controller for Individuals With Motor Impairments},
  journal      = {Frontiers in Computer Science},
  volume       = {3},
  pages        = {751455},
  year         = {2021},
  doi          = {10.3389/fcomp.2021.751455}
}

@article{cao2023,
  author       = {Cao, Lizhou and Zhang, Huadong and Peng, Chao and Hansberger, Jeffrey T.},
  title        = {Real-Time Multimodal Interaction in Virtual Reality: A Case Study With a Large Virtual Interface},
  journal      = {Multimedia Tools and Applications},
  volume       = {82},
  number       = {16},
  pages        = {1--22},
  year         = {2023},
  doi          = {10.1007/s11042-023-14381-6}
}

@article{morris2019,
  author       = {Morris, Meredith Ringel},
  title        = {AI and Accessibility: A Discussion of Ethical Considerations},
  journal      = {Communications of the ACM},
  note         = {Viewpoint column, in press},
  year         = {2019},
  url          = {https://www.microsoft.com/en-us/research/wp-content/uploads/2019/08/a14a-ethics-CACM-viewpoint-arxiv.pdf}
}
